@article{1600578,
  title = {{Tuberculosis: a global overview of the situation today.}},
  date = {1992},
  source = {Bull World Health Organ},
  authors = {Sudre, P and ten, Dam G and Kochi, A},
  author = {Sudre, P and ten, Dam G and Kochi, A},
  year = {1992},
  month = {null},
  journal = {Bull World Health Organ},
  volume = {70},
  number = {},
  pages = {149-59},
  pubmed_id = {1600578},
}
